@inproceedings{snavely2006photo,
  title        = {Photo tourism: exploring photo collections in {3D}},
  author       = {Snavely, Noah and Seitz, Steven M and Szeliski, Richard},
  booktitle    = {{ACM SIGGRAPH} 2006 papers},
  pages        = {835--846},
  year         = {2006},
  publisher    = {ACM}
}

@inproceedings{goesele2007multi,
  title        = {Multi-view stereo for community photo collections},
  author       = {Goesele, Michael and Snavely, Noah and Curless, Brian and Hoppe, Hugues and Seitz, Steven M},
  booktitle    = {2007 {IEEE} 11th International Conference on Computer Vision ({ICCV})},
  pages        = {1--8},
  year         = {2007},
  organization = {IEEE}
}

@inproceedings{flynn2016deepstereo,
  title        = {Deep stereo: Learning to predict new views from the world's imagery},
  author       = {Flynn, John and Neulander, Ivan and Philbin, James and Snavely, Noah},
  booktitle    = {Proceedings of the {IEEE} Conference on Computer Vision and Pattern Recognition ({CVPR})},
  pages        = {5515--5524},
  year         = {2016}
}

@inproceedings{kato2018neural,
  title        = {Neural {3D} mesh renderer},
  author       = {Kato, Hiroharu and Ushiku, Yoshitaka and Harada, Tatsuya},
  booktitle    = {Proceedings of the {IEEE} Conference on Computer Vision and Pattern Recognition ({CVPR})},
  pages        = {3907--3916},
  year         = {2018}
}

@inproceedings{yu2021pixelnerf,
  title        = {{pixelNeRF}: Neural Radiance Fields from One or Few Images},
  author       = {Yu, Alex and Ye, Vickie and Tancik, Matthew and Kanazawa, Angjoo},
  booktitle    = {Proceedings of the {IEEE/CVF} Conference on Computer Vision and Pattern Recognition ({CVPR})},
  pages        = {4578--4587},
  year         = {2021}
}

@inproceedings{niemeyer2021giraffe,
  title        = {{GIRAFFE}: Representing scenes as compositional generative neural feature fields},
  author       = {Niemeyer, Michael and Geiger, Andreas},
  booktitle    = {Proceedings of the {IEEE/CVF} Conference on Computer Vision and Pattern Recognition ({CVPR})},
  pages        = {11453--11464},
  year         = {2021}
}

@inproceedings{wiles2020pixelsynth,
  title        = {{PixelSynth}: Generating a {3D}-consistent Experience from a Single Image},
  author       = {Wiles, Olivia and Gkioxari, Georgia and Szeliski, Richard and Johnson, Justin},
  booktitle    = {Proceedings of the {IEEE/CVF} Conference on Computer Vision and Pattern Recognition ({CVPR})},
  pages        = {4324--4333},
  year         = {2020}
}

@inproceedings{rombach2021geometry,
  title        = {Geometry-Free View Synthesis: Transformers and No {3D} Priors},
  author       = {Rombach, Robin and Esser, Patrick and Ommer, Bj{\"o}rn},
  booktitle    = {Proceedings of the {IEEE/CVF} International Conference on Computer Vision ({ICCV})},
  pages        = {13033--13043},
  year         = {2021}
}

@inproceedings{ren2022look,
  title        = {Look Outside The Room: Synthesizing a Consistent Long-term {3D} Scene Video from a Single Image},
  author       = {Ren, Xuanchi and Ling, Hao and Zeng, Ailing and Liu, Shizun and Li, Hong},
  booktitle    = {European Conference on Computer Vision ({ECCV})},
  pages        = {473--490},
  year         = {2022},
  organization = {Springer}
}

@inproceedings{wu2016learning,
  title        = {Learning a probabilistic latent space of object shapes via {3D} generative-adversarial modeling},
  author       = {Wu, Jiajun and Zhang, Chengkai and Xue, Tianfan and Freeman, Bill and Tenenbaum, Josh},
  booktitle    = {Advances in Neural Information Processing Systems ({NeurIPS})},
  volume       = {29},
  year         = {2016}
}

@inproceedings{mildenhall2020nerf,
  title        = {{NeRF}: Representing Scenes as Neural Radiance Fields for View Synthesis},
  author       = {Mildenhall, Ben and Srinivasan, Pratul P and Tancik, Matthew and Barron, Jonathan T and Ramamoorthi, Ravi and Ng, Ren},
  booktitle    = {European Conference on Computer Vision ({ECCV})},
  pages        = {405--421},
  year         = {2020},
  organization = {Springer}
}

@inproceedings{dhariwal2021diffusion,
  title        = {Diffusion models beat {GANs} on image synthesis},
  author       = {Dhariwal, Prafulla and Nichol, Alexander},
  booktitle    = {Advances in Neural Information Processing Systems ({NeurIPS})},
  volume       = {34},
  pages        = {8780--8794},
  year         = {2021}
}

@inproceedings{poole2022dreamfusion,
  title        = {{DreamFusion}: Text-to-{3D} using {2D} Diffusion},
  author       = {Poole, Ben and Jain, Ajay and Barron, Jonathan T. and Mildenhall, Ben},
  booktitle    = {International Conference on Learning Representations ({ICLR})},
  year         = {2023}
}

@inproceedings{watson2022novel,
  title        = {Novel view synthesis with diffusion models},
  author       = {Watson, Daniel and Chan, William and Polis, Ricardo and Tokmakov, Alexander and Metaxas, Dima and Kar, Abhishek},
  booktitle    = {International Conference on Learning Representations ({ICLR})},
  year         = {2023}
}

@inproceedings{kulhanek2023consistent,
  title        = {Consistent View Synthesis with Pose-Guided Diffusion Models},
  author       = {Kulh{\'a}nek, J{\'a}chym and Tretschk, Erik and Wang, Zexiang and Henkel, Christian and Jiang, Yuning and Gokaslan, Ali and Sitzmann, Vincent},
  booktitle    = {Proceedings of the {IEEE/CVF} Conference on Computer Vision and Pattern Recognition ({CVPR})},
  pages        = {12516--12525},
  year         = {2023}
}

@inproceedings{barron2022mipnerf360,
  title        = {{Mip-NeRF} 360: Unbounded Anti-Aliased Neural Radiance Fields},
  author       = {Barron, Jonathan T and Mildenhall, Ben and Verbin, Dor and Srinivasan, Pratul P and Hedman, Peter},
  booktitle    = {Proceedings of the {IEEE/CVF} Conference on Computer Vision and Pattern Recognition ({CVPR})},
  pages        = {5470--5479},
  year         = {2022}
}

@inproceedings{turki2022mega,
  title        = {{Mega-NeRF}: Scalable Construction of Large-Scale {NeRFs} for Virtual Fly-Throughs},
  author       = {Turki, Haithem and Ramanan, Deva and Satyanarayanan, Mahadev},
  booktitle    = {Proceedings of the {IEEE/CVF} Conference on Computer Vision and Pattern Recognition ({CVPR})},
  pages        = {12859--12869},
  year         = {2022}
}

@inproceedings{barron2023zipnerf,
  title        = {Zip-{NeRF}: Anti-Aliased Grid-Based Neural Radiance Fields},
  author       = {Barron, Jonathan T. and Mildenhall, Ben and Verbin, Dor and Srinivasan, Pratul P. and Hedman, Peter},
  booktitle    = {Proceedings of the {IEEE/CVF} International Conference on Computer Vision ({ICCV})},
  pages        = {732--742},
  year         = {2023}
}

@inproceedings{martinbrualla2021nerfw,
  title        = {{NeRF-W}: Neural Radiance Fields for Unconstrained Photo Collections},
  author       = {Martin-Brualla, Ricardo and Radwan, Noha and Sajjadi, Mehdi S. M. and Barron, Jonathan T. and Dosovitskiy, Alexey and Duckworth, Daniel},
  booktitle    = {Proceedings of the {IEEE/CVF} Conference on Computer Vision and Pattern Recognition ({CVPR})},
  pages        = {7210--7219},
  year         = {2021}
}

@inproceedings{tancik2022blocknerf,
  title        = {Block-{NeRF}: Scalable Large Scene Neural View Synthesis},
  author       = {Tancik, Matthew and Casser, Vincent and Yan, Xinchen and Pradhan, Sabeek and Mildenhall, Ben and Srinivasan, Pratul P and Barron, Jonathan T and Kretzschmar, Henrik},
  booktitle    = {Proceedings of the {IEEE/CVF} Conference on Computer Vision and Pattern Recognition ({CVPR})},
  pages        = {8248--8258},
  year         = {2022}
}

@inproceedings{chen2021mvsnerf,
  title        = {{MVSNeRF}: Fast Generalizable Radiance Field Reconstruction from Multi-View Stereo},
  author       = {Chen, Anpei and Xu, Zexiang and Zhao, Fuqiang and Zhang, Jingyi and Geiger, Andreas},
  booktitle    = {Proceedings of the {IEEE/CVF} International Conference on Computer Vision ({ICCV})},
  pages        = {14124--14133},
  year         = {2021}
}

@inproceedings{jain2021dietnerf,
  title        = {Putting {NeRF} on a Diet: Semantically Consistent Few-Shot View Synthesis},
  author       = {Jain, Ajay and Tancik, Matthew and Abbeel, Pieter},
  booktitle    = {Proceedings of the {IEEE/CVF} International Conference on Computer Vision ({ICCV})},
  pages        = {5885--5894},
  year         = {2021}
}

@inproceedings{yang2023freenerf,
  title        = {{FreeNeRF}: Improving Few-shot Neural Rendering with Free Frequency Regularization},
  author       = {Yang, Jiawei and Pavone, Marco and Wang, Yilun},
  booktitle    = {Proceedings of the {IEEE/CVF} Conference on Computer Vision and Pattern Recognition ({CVPR})},
  pages        = {8264--8273},
  year         = {2023}
}

@inproceedings{yu2021plenoctrees,
  title        = {{PlenOctrees} for Real-time Rendering of Neural Radiance Fields},
  author       = {Yu, Alex and Li, Ruilong and Tancik, Matthew and Li, Hao and Ng, Ren and Kanazawa, Angjoo},
  booktitle    = {Proceedings of the {IEEE/CVF} International Conference on Computer Vision ({ICCV})},
  pages        = {5752--5761},
  year         = {2021}
}

@inproceedings{fridovichkeil2022plenoxels,
  title        = {Plenoxels: Radiance Fields without Neural Networks},
  author       = {Fridovich-Keil, Sara and Yu, Alex and Tancik, Matthew and Chen, Qinhong and Recht, Benjamin and Kanazawa, Angjoo},
  booktitle    = {Proceedings of the {IEEE/CVF} Conference on Computer Vision and Pattern Recognition ({CVPR})},
  pages        = {5501--5510},
  year         = {2022}
}

@article{mueller2022instant,
  title        = {Instant neural graphics primitives with a multiresolution hash encoding},
  author       = {M{\"u}ller, Thomas and Evans, Alex and Schied, Christoph and Keller, Alexander},
  journal      = {{ACM} Transactions on Graphics ({TOG})},
  volume       = {41},
  number       = {4},
  pages        = {1--15},
  year         = {2022},
  publisher    = {ACM}
}

@inproceedings{kajiya1984ray,
  title        = {Ray tracing volume densities},
  author       = {Kajiya, James T and Von Herzen, Brian P},
  booktitle    = {{ACM SIGGRAPH} Computer Graphics},
  volume       = {18},
  pages        = {165--174},
  year         = {1984},
  publisher    = {ACM}
}

@article{He2024Progress,
  author       = {He, Gaoxiang and Zhu, Bin and Xie, Bo and Chen, Yi},
  title        = {Progress in Novel View Synthesis Using Neural Radiance Fields},
  journal      = {Laser \& Optoelectronics Progress},
  year         = {2024},
  volume       = {61},
  number       = {12},
  pages        = {1200005},
  doi          = {10.3788/LOP231578}
}

@misc{NeRF_pdf_figure,
  author       = {{ Jiawei Jiang}},
  title        = {{Novel View Synthesis: A Review and Taxonomy Focused on Neural Radiance Fields (NeRF)}},
  year         = {2025},
  note         = {Uploaded PDF diagram accompanying the review paper draft.}
}

@inproceedings{barron2021mipnerf,
  title        = {{Mip-NeRF}: A Multiscale Representation for Anti-Aliasing Neural Radiance Fields},
  author       = {Barron, Jonathan T and Mildenhall, Ben and Tancik, Matthew and Hedman, Peter and Martin-Brualla, Ricardo and Srinivasan, Pratul P},
  booktitle    = {Proceedings of the {IEEE/CVF} International Conference on Computer Vision ({ICCV})},
  pages        = {5855--5864},
  year         = {2021}
}

@misc{zhang2020nerfplusplus,
  title        = {{NeRF++}: Analyzing and Improving Neural Radiance Fields},
  author       = {Zhang, Kai and Riegler, Gernot and Snavely, Noah and Koltun, Vladlen},
  year         = {2020},
  eprint       = {2010.07492},
  archiveprefix= {arXiv},
  primaryclass = {cs.CV}
}

@inproceedings{sun2022dvgo,
  title        = {Direct Voxel Grid Optimization: Super-fast Convergence for Radiance Fields Reconstruction},
  author       = {Sun, Cheng and Sun, Min and Chen, Hwann-Tzong},
  booktitle    = {Proceedings of the {IEEE/CVF} Conference on Computer Vision and Pattern Recognition ({CVPR})},
  pages        = {5459--5469},
  year         = {2022}
}

@inproceedings{chen2022tensorf,
  title        = {{TensoRF}: Tensorial Radiance Fields},
  author       = {Chen, Anpei and Xu, Zexiang and Geiger, Andreas and Yu, Jingdong and Su, Hao},
  booktitle    = {European Conference on Computer Vision ({ECCV})},
  pages        = {333--350},
  year         = {2022},
  organization = {Springer}
}

@inproceedings{niemeyer2022regnerf,
  title        = {{RegNeRF}: Regularizing Neural Radiance Fields for View Synthesis from Sparse Inputs},
  author       = {Niemeyer, Michael and Barron, Jonathan T and Mildenhall, Ben and Sajjadi, Mehdi SM and Geiger, Andreas and Radwan, Noha},
  booktitle    = {Proceedings of the {IEEE/CVF} Conference on Computer Vision and Pattern Recognition ({CVPR})},
  pages        = {5480--5490},
  year         = {2022}
}

@misc{liu2020nsvf,
      title={{NSVF}: Neural Sparse Voxel Fields},
      author={Lingjie Liu and Jiatao Gu and Kyaw Zaw Lin and Tat-Seng Chua and Christian Theobalt},
      year={2020},
      eprint={2007.11571},
      archivePrefix={arXiv},
      primaryClass={cs.CV}
}

@inproceedings{karnewar2022relu,
  title={{ReLU} Fields: The Little Non-Linearity That Could},
  author={Karnewar, Animesh and Ritschel, Tobias and Wang, Oliver and Novotny, David and Vedaldi, Andrea and Makadia, Aman},
  booktitle={ACM SIGGRAPH 2022 Conference Proceedings},
  pages={1--9},
  year={2022}
}

@inproceedings{yan2023plenvdb,
  title={{PlenVDB}: Memory Efficient {VDB}-Based Radiance Fields for Fast Training and Rendering},
  author={Yan, Hao and Liu, Chenglei and Ma, Chuan and Wang, Jiaming and Wang, Hesen and Tu, Chengyuan and Tagliasacchi, Andrea and Liu, Xuejin},
  booktitle={Proceedings of the IEEE/CVF Conference on Computer Vision and Pattern Recognition (CVPR)},
  pages={88--97},
  year={2023}
}

@inproceedings{hu2022efficientnerf,
  title={{EfficientNeRF}: Efficient Neural Radiance Fields},
  author={Hu, Tao and Liu, Shu and Chen, Yilun and Chen, Tiancheng and Shen, Qi},
  booktitle={Proceedings of the IEEE/CVF Conference on Computer Vision and Pattern Recognition (CVPR)},
  pages={12892--12901},
  year={2022}
}

@misc{li2023nerfacc,
      title={{NeRFAcc}: Efficient Sampling Accelerates {NeRFs}},
      author={Ruilong Li and Hang Gao and Matthew Tancik and Angjoo Kanazawa},
      year={2023},
      eprint={2305.04966},
      archivePrefix={arXiv},
      primaryClass={cs.CV}
}

